
@book{van,
	author = {M.L.J., Van de Vel},
	title = {Theory of Convex Structures},
	year = 1993,
	publisher = {North-Holland},
}
